<?xml version="1.0" encoding="UTF-8"?><collection xmlns="http://www.loc.gov/MARC21/slim"><record><leader>00560nam--2200193-i-4500</leader><controlfield tag="001">000043710</controlfield><controlfield tag="002">20161230</controlfield><controlfield tag="005">20161230201044</controlfield><controlfield tag="008">060222s1000------------r-----000-0-rum-d</controlfield><datafield ind1=" " ind2=" " tag="040"><subfield code="a">IFIN-HH</subfield></datafield><datafield ind1=" " ind2=" " tag="041"><subfield code="a">rum</subfield></datafield><datafield ind1=" " ind2=" " tag="080"><subfield code="a">539.164(043)</subfield></datafield><datafield ind1="1" ind2=" " tag="100"><subfield code="a">Tarnoveanu, Ioan G</subfield></datafield><datafield ind1="1" ind2="0" tag="245"><subfield code="a">Contributii la teoria dezintegrarii alfa anucleelor grele si supragrele</subfield><subfield code="b">Teza</subfield><subfield code="c">Ioan g. tarnoveanu</subfield></datafield><datafield ind1=" " ind2=" " tag="260"><subfield code="a">Bucuresti</subfield><subfield code="b">Ifin</subfield><subfield code="c">1977</subfield></datafield><datafield ind1=" " ind2=" " tag="300"><subfield code="a">126 P</subfield></datafield><datafield ind1=" " ind2=" " tag="502"><subfield code="a">Conducator Stiintific:Conf.Dr. A. Sandulescu</subfield></datafield><datafield ind1=" " ind2=" " tag="852"><subfield code="a">44213</subfield><subfield code="c">539.16</subfield></datafield><datafield ind1=" " ind2=" " tag="CAT"><subfield code="a">Sys</subfield><subfield code="c">20120515</subfield><subfield code="h">154711</subfield></datafield></record></collection>